@inproceedings{agarwal1996aggregate,
  author    = {Agarwal, S. and Agrawal, R. and Deshpande, P. M. and Gupta, A. and Naughton, J. F. and Ramakrishnan, R. and Sarawagi, S.},
  title     = {On the computation of multidimensional aggregates},
  booktitle = {Proceedings of the 22nd VLDB Conference},
  pages     = {506--521},
  year      = {1996}
}

@inproceedings{buc1999,
  author    = {Beyer, K. and Goldstein, J. and Ramakrishnan, R. and Shaft, U.},
  title     = {BUC: Bottom-Up Computation of Sparse and Iceberg Cubes},
  booktitle = {ACM SIGMOD Record},
  pages     = {359--370},
  year      = {1999}
}

@inproceedings{han2001star,
  author    = {Han, J. and Pei, J. and Mortazavi-Asl, B.},
  title     = {Efficient data mining of high-dimensional data cubes},
  booktitle = {Proceedings of the 2001 ACM SIGMOD International Conference},
  pages     = {89--100},
  year      = {2001}
}

@article{chaudhuri1997overview,
  author    = {Chaudhuri, S. and Dayal, U.},
  title     = {An overview of data warehousing and OLAP technology},
  journal   = {ACM SIGMOD Record},
  volume    = {26},
  number    = {1},
  pages     = {65--74},
  year      = {1997}
}
