@article{datta2013real,
  title={A real-integer-discrete-coded differential evolution},
  author={Datta, Dilip and Figueira, Jose Rui},
  journal={Applied Soft Computing},
  volume={13},
  number={9},
  pages={3884--3893},
  year={2013}
}

@book{deb2001multi,
  title={Multi-Objective Optimization using Evolutionary Algorithms},
  author={Deb, Kalyanmoy},
  year={2001},
  publisher={John Wiley \& Sons Ltd.},
  address={Chichester, England}
}

@book{parija2018thesis,
  title={Thesis Writing for Masters and Ph.D. Program},
  author={Parija, Subhash Chandra and Kate, Vikram},
  year={2018},
  publisher={Springer},
  address={Pondicherry, India}
}