@article{grover1996,
  title={A fast quantum mechanical algorithm for database search},
  author={Grover, Lov},
  journal={Proceedings of the ACM Symposium on Theory of Computing},
  year={1996}
}

@article{shor1994,
  title={Algorithms for quantum computation: discrete logarithms and factoring},
  author={Shor, Peter},
  journal={Proceedings of the IEEE Symposium on Foundations of Computer Science},
  year={1994}
}
